@Article{StayingWellGrounded2012,
  Title                    = {Staying Well Grounded},
  Author                   = {Hank Zumbahlen},
  Journal                  = {Analog Dialogue},
  Year                     = {2012},
  Number                   = {06},
  Pages                    = {3--4},
  Volume                   = {46},

  Url                      = {http://www.analog.com/en/analog-dialogue/articles/staying-well-grounded.html}
}